




@article{doi:10.1137/120875624,
author = {Sandra May and Marsha Berger},
title = {Two-Dimensional Slope Limiters for Finite Volume Schemes on Non-Coordinate-Aligned Meshes},
journal = {SIAM Journal on Scientific Computing},
volume = {35},
number = {5},
pages = {A2163-A2187},
year = {2013},
doi = {10.1137/120875624},

URL = { 
        http://dx.doi.org/10.1137/120875624
    
},
eprint = { 
        http://dx.doi.org/10.1137/120875624
    
}

}


